@article{Madzvamuse2006,
    author = {Madzvamuse, Anotida},
    journal = {Journal of Computational Physics},
    number = {1},
    pages = {239--263},
    title = {{Time-stepping schemes for moving grid finite elements applied to reaction-diffusion systems on fixed and growing domains}},
    volume = {214},
    year = {2006}
}

@article{Murphy2016,
    author = {Murphy, Laura and Venkataraman, Chandrasekhar and Madzvamuse, Anotida},
    pages = {26},
    title = {{A Computational approach for Mode Isolation for Reaction-Diffusion Systems on Arbitraty Geometries}},
    year = {2016}
}

@article{Murray2003,
    author = {{Murray, J D}},
    edition = {{Third}},
    pages = {{839}},
    title = {{Mathematical Biology II: Spatial Models and Biomedical Applications}},
    year = {{2000}}
}

@article{Schnakenberg1979,
    author = {Schnakenberg, J},
    journal = {{Institute for Theoretical Physics}},
    volume = {81},
    number = {3},
    year = {1979},
    pages = {389--400},
    title = {{Simple Chemical Reaction Systems With Limit Cycle Behavior}},
}

@article{Turing1952,
    author = {Turing, A M},
    journal = {Philosophical Transactions of the Royal Society of London},
    number = {641},
    pages = {37--72},
    title = {{The Chemical Basis of Morphogenesis}},
    volume = {237},
    year = {1952}
}






